@misc{esa_ef_2014,
  key = "esa_ef_2014",
  title = {{Essential Facts About The Computer And Video Game Industry}},
   note = {\url{http://www.theesa.com/facts/pdfs/esa_ef_2014.pdf}}
}

@inproceedings{Wobbrock:2005:MGS:1056808.1057043,
 author = {Wobbrock, Jacob O. and Aung, Htet Htet and Rothrock, Brandon and Myers, Brad A.},
 title = {Maximizing the Guessability of Symbolic Input},
 booktitle = {CHI '05 Extended Abstracts on Human Factors in Computing Systems},
 series = {CHI EA '05},
 year = {2005},
 isbn = {1-59593-002-7},
 location = {Portland, OR, USA},
 pages = {1869--1872},
 numpages = {4},
 url = {http://doi.acm.org/10.1145/1056808.1057043},
 doi = {10.1145/1056808.1057043},
 acmid = {1057043},
 publisher = {ACM},
 address = {New York, NY, USA},
 keywords = {command-line, commands, edgewrite, gestures, guessability, icons, immediate usability, keywords, labels, proposals, referents, symbols, text entry, unistrokes},
} 


@misc{BT100,
  key = "Epson BT-100 Specs.",
  title = {{Epson BT-100 Specs.}},
   note = {\url{http://www.epson.com.au/products/ProjectorAccessories/Moverio_BT-100_specs.asp}}
}


@misc{GoogleGlass,
  key = "Google Glass wiki.",
  title = {{Google Glass wiki.}},
   note = {\url{http://en.wikipedia.org/wiki/Google_Glass#Features}}
}




@article{handAndMind,
  title = {{Hand and Mind: What Gestures Reveal about Thought.}},
  author = {McNeill, D.},
  year = 1992,
  publisher = "University of Chicago Press",
}


@inproceedings{Epps:2006:SHS:1125451.1125601,
 author = {Epps, Julien and Lichman, Serge and Wu, Mike},
 title = {A Study of Hand Shape Use in Tabletop Gesture Interaction},
 booktitle = {CHI '06 Extended Abstracts on Human Factors in Computing Systems},
 series = {CHI EA '06},
 year = {2006},
 isbn = {1-59593-298-4},
 location = {Montr\&\#233;al, Qu\&\#233;bec, Canada},
 pages = {748--753},
 numpages = {6},
 url = {http://doi.acm.org/10.1145/1125451.1125601},
 doi = {10.1145/1125451.1125601},
 acmid = {1125601},
 publisher = {ACM},
 address = {New York, NY, USA},
 keywords = {gesture, hand shape, horizontal human-computer systems},
} 


@inproceedings{gulf,
  title = {Direct manipulation interfaces.},
  author = {{Hutchins, E.L., Hollan, J.D., Norman, D.A.}},
  booktitle = {Human-Computer Interaction 1},
  year = 1985,
  pages = "311-388",
}


@book{userComputer,
  title = {{The form and content of user-computer dialogues. In Computer Graphics: Principles and Practice.}},
  author = {Foley, J.D., van Dam, A., Feiner, S.K., Hughes, J.F.},
  publisher = {Reading, MA: Addison-Wesley},
  year = 1996,
  pages = "392-395",
}

@inproceedings{Kim:2012:DFI:2380116.2380139,
 author = {Kim, David and Hilliges, Otmar and Izadi, Shahram and Butler, Alex D. and Chen, Jiawen and Oikonomidis, Iason and Olivier, Patrick},
 title = {Digits: Freehand 3D Interactions Anywhere Using a Wrist-worn Gloveless Sensor},
 booktitle = {Proceedings of the 25th Annual ACM Symposium on User Interface Software and Technology},
 series = {UIST '12},
 year = {2012},
 isbn = {978-1-4503-1580-7},
 location = {Cambridge, Massachusetts, USA},
 pages = {167--176},
 numpages = {10},
 url = {http://doi.acm.org/10.1145/2380116.2380139},
 doi = {10.1145/2380116.2380139},
 acmid = {2380139},
 publisher = {ACM},
 address = {New York, NY, USA},
 keywords = {3d interaction, hand tracking, mobile, wearables},
} 

@inproceedings{Colaco:2013:MCL:2501988.2502042,
 author = {Cola\c{c}o, Andrea and Kirmani, Ahmed and Yang, Hye Soo and Gong, Nan-Wei and Schmandt, Chris and Goyal, Vivek K.},
 title = {Mime: Compact, Low Power 3D Gesture Sensing for Interaction with Head Mounted Displays},
 booktitle = {Proceedings of the 26th Annual ACM Symposium on User Interface Software and Technology},
 series = {UIST '13},
 year = {2013},
 isbn = {978-1-4503-2268-3},
 location = {St. Andrews, Scotland, United Kingdom},
 pages = {227--236},
 numpages = {10},
 url = {http://doi.acm.org/10.1145/2501988.2502042},
 doi = {10.1145/2501988.2502042},
 acmid = {2502042},
 publisher = {ACM},
 address = {New York, NY, USA},
 keywords = {3d sensing, gesture sensing, glasses, hand tracking, head mounted displays, mobile, time-of- flight imaging},
} 

@inproceedings{Harrison:2011:OWM:2047196.2047255,
 author = {Harrison, Chris and Benko, Hrvoje and Wilson, Andrew D.},
 title = {OmniTouch: Wearable Multitouch Interaction Everywhere},
 booktitle = {Proceedings of the 24th Annual ACM Symposium on User Interface Software and Technology},
 series = {UIST '11},
 year = {2011},
 isbn = {978-1-4503-0716-1},
 location = {Santa Barbara, California, USA},
 pages = {441--450},
 numpages = {10},
 url = {http://doi.acm.org/10.1145/2047196.2047255},
 doi = {10.1145/2047196.2047255},
 acmid = {2047255},
 publisher = {ACM},
 address = {New York, NY, USA},
 keywords = {appropriated surfaces, finger tracking, object classification, on-body computing, on-demand interfaces},
} 

@inproceedings{Gustafson:2011:IPL:2047196.2047233,
 author = {Gustafson, Sean and Holz, Christian and Baudisch, Patrick},
 title = {Imaginary Phone: Learning Imaginary Interfaces by Transferring Spatial Memory from a Familiar Device},
 booktitle = {Proceedings of the 24th Annual ACM Symposium on User Interface Software and Technology},
 series = {UIST '11},
 year = {2011},
 isbn = {978-1-4503-0716-1},
 location = {Santa Barbara, California, USA},
 pages = {283--292},
 numpages = {10},
 url = {http://doi.acm.org/10.1145/2047196.2047233},
 doi = {10.1145/2047196.2047233},
 acmid = {2047233},
 publisher = {ACM},
 address = {New York, NY, USA},
 keywords = {imaginary interface, memory, mobile, non-visual, screen-less, spatial memory, touch, wearable},
} 

@inproceedings{Serrano:2014:EUH:2611247.2556984,
 author = {Serrano, Marcos and Ens, Barrett M. and Irani, Pourang P.},
 title = {Exploring the Use of Hand-to-face Input for Interacting with Head-worn Displays},
 booktitle = {Proceedings of the 32Nd Annual ACM Conference on Human Factors in Computing Systems},
 series = {CHI '14},
 year = {2014},
 isbn = {978-1-4503-2473-1},
 location = {Toronto, Ontario, Canada},
 pages = {3181--3190},
 numpages = {10},
 url = {http://doi.acm.org/10.1145/2556288.2556984},
 doi = {10.1145/2556288.2556984},
 acmid = {2556984},
 publisher = {ACM},
 address = {New York, NY, USA},
 keywords = {body interaction, head-worn display, hmd, hwd, input techniques, mobile interfaces},
} 

@inproceedings{Jing:2013:MRS:2541831.2541875,
 author = {Jing, Lei and Cheng, Zixue and Zhou, Yinghui and Wang, Junbo and Huang, Tongjun},
 title = {Magic Ring: A Self-contained Gesture Input Device on Finger},
 booktitle = {Proceedings of the 12th International Conference on Mobile and Ubiquitous Multimedia},
 series = {MUM '13},
 year = {2013},
 isbn = {978-1-4503-2648-3},
 location = {Lule\Ã¥, Sweden},
 pages = {39:1--39:4},
 articleno = {39},
 numpages = {4},
 url = {http://doi.acm.org/10.1145/2541831.2541875},
 doi = {10.1145/2541831.2541875},
 acmid = {2541875},
 publisher = {ACM},
 address = {New York, NY, USA},
 keywords = {Magic Ring, application, hand gesture, wearable computing},
} 

@inproceedings{Ashbrook:2011:NSE:1978942.1979238,
 author = {Ashbrook, Daniel and Baudisch, Patrick and White, Sean},
 title = {Nenya: Subtle and Eyes-free Mobile Input with a Magnetically-tracked Finger Ring},
 booktitle = {Proceedings of the SIGCHI Conference on Human Factors in Computing Systems},
 series = {CHI '11},
 year = {2011},
 isbn = {978-1-4503-0228-9},
 location = {Vancouver, BC, Canada},
 pages = {2043--2046},
 numpages = {4},
 url = {http://doi.acm.org/10.1145/1978942.1979238},
 doi = {10.1145/1978942.1979238},
 acmid = {1979238},
 publisher = {ACM},
 address = {New York, NY, USA},
 keywords = {eyes-free, finger ring, jewelry, mobile, one-handed, screen-less, subtle, two-handed, wearable, wristwatch},
} 

@inproceedings{Harrison:2010:SAB:1753326.1753394,
 author = {Harrison, Chris and Tan, Desney and Morris, Dan},
 title = {Skinput: Appropriating the Body As an Input Surface},
 booktitle = {Proceedings of the SIGCHI Conference on Human Factors in Computing Systems},
 series = {CHI '10},
 year = {2010},
 isbn = {978-1-60558-929-9},
 location = {Atlanta, Georgia, USA},
 pages = {453--462},
 numpages = {10},
 url = {http://doi.acm.org/10.1145/1753326.1753394},
 doi = {10.1145/1753326.1753394},
 acmid = {1753394},
 publisher = {ACM},
 address = {New York, NY, USA},
 keywords = {audio interfaces, bio-acoustics, buttons, finger input, gestures, on-body interaction, projected displays},
} 

http://ppt.cc/hO2j

@misc{TopGames,
  key = "Top 90 Casual Games List",
  title = {{Top 90 Casual Games List}},
   note = {\url{http://ppt.cc/hO2j}, Analyzed at 2014-08-14}
}

@misc{Steam,
  key = "Steam",
  title = {{Steam}},
   note = {\url{http://store.steampowered.com}}
}

@misc{GameStop,
  key = "GameStop",
  title = {{GameStop}},
   note = {\url{http://www.gamestop.com}}
}

@misc{VGChartz,
  key = "VGChartz",
  title = {{VGChartz}},
   note = {\url{http://www.vgchartz.com}}
}

@misc{appannie,
  key = "App Annie",
  title = {{App Annie}},
   note = {\url{http://www.appannie.com}}
}



@inproceedings{Kuittinen:2007:CGD:1328202.1328221,
 author = {Kuittinen, Jussi and Kultima, Annakaisa and Niemel\"{a}, Johannes and Paavilainen, Janne},
 title = {Casual Games Discussion},
 booktitle = {Proceedings of the 2007 Conference on Future Play},
 series = {Future Play '07},
 year = {2007},
 isbn = {978-1-59593-943-2},
 location = {Toronto, Canada},
 pages = {105--112},
 numpages = {8},
 url = {http://doi.acm.org/10.1145/1328202.1328221},
 doi = {10.1145/1328202.1328221},
 acmid = {1328221},
 publisher = {ACM},
 address = {New York, NY, USA},
 keywords = {casual game player, casual gamer, casual games, casual gaming, casual playing, digital games, expanded game experience},
} 


@inproceedings{Reis:2012:EMC:2405577.2405651,
 author = {Reis, Sofia},
 title = {Expanding the Magic Circle in Pervasive Casual Play},
 booktitle = {Proceedings of the 11th International Conference on Entertainment Computing},
 series = {ICEC'12},
 year = {2012},
 isbn = {978-3-642-33541-9},
 location = {Bremen, Germany},
 pages = {486--489},
 numpages = {4},
 url = {http://dx.doi.org/10.1007/978-3-642-33542-6_60},
 doi = {10.1007/978-3-642-33542-6_60},
 acmid = {2405651},
 publisher = {Springer-Verlag},
 address = {Berlin, Heidelberg},
 keywords = {casual games, interaction, pervasive games},
} 

@inproceedings{Biskupski:2014:DEB:2559206.2580097,
 author = {Biskupski, Alexander and Fender, Andreas R. and Feuchtner, Tiare M. and Karsten, Marcel and Willaredt, Jonas D.},
 title = {Drunken Ed: A Balance Game for Public Large Screen Displays},
 booktitle = {CHI '14 Extended Abstracts on Human Factors in Computing Systems},
 series = {CHI EA '14},
 year = {2014},
 isbn = {978-1-4503-2474-8},
 location = {Toronto, Ontario, Canada},
 pages = {289--292},
 numpages = {4},
 url = {http://doi.acm.org/10.1145/2559206.2580097},
 doi = {10.1145/2559206.2580097},
 acmid = {2580097},
 publisher = {ACM},
 address = {New York, NY, USA},
 keywords = {balance game, casual game, kinect, gesture control, large screen display, public displays},
} 

@article{Jurgelionis:2011:PET:2027456.2027462,
 author = {Jurgelionis, Audrius and Nap, Henk Herman and Gajadhar, Brian J. and Bellotti, Francesco and Wang, A. I. and Berta, Riccardo},
 title = {Player Experience and Technical Performance Prospects for Distributed 3D Gaming in Private and Public Settings},
 journal = {Comput. Entertain.},
 issue_date = {November 2011},
 volume = {9},
 number = {3},
 month = nov,
 year = {2011},
 issn = {1544-3574},
 pages = {16:1--16:19},
 articleno = {16},
 numpages = {19},
 url = {http://doi.acm.org/10.1145/2027456.2027462},
 doi = {10.1145/2027456.2027462},
 acmid = {2027462},
 publisher = {ACM},
 address = {New York, NY, USA},
 keywords = {Distributed 3D gaming, Games@Large framework, Internet caf{\'e}, experiment, network performance, on-demand gaming, public and private settings, real-time performance, system performance, testbeds, testing and evaluation, user experience},
} 

@misc{acrobat,
  key = "acrobat",
  title = {{Adobe Acrobat Reader 7}},
   note = {\url{http://www.adobe.com/products/acrobat/}}
}

@article{ethics,
  title = {{Social Impacts of Computing: Codes of Professional Ethics}},
  author = {Ronald E. Anderson},
  doi = "10.1177/089443939201000402",
  journal = "Social Science Computer Review December",
  year = 1992,
  volume = 10,
  number = 4,
  pages = "453-469"
}

@misc{acm_categories,
  key = "association",
  title = {{How to Classify Works Using ACM's Computing Classification System}},
  note = {\url{http://www.acm.org/class/how_to_use.html}},
},


@misc{acm_categories,
  key = "association",
  title = {{How to Classify Works Using ACM's Computing Classification System}},
  note = {\url{http://www.acm.org/class/how_to_use.html}},
},

@inproceedings{Klemmer:2002:WSC:503376.503378,
 author = {Klemmer, Scott R. and Thomsen, Michael and Phelps-Goodman, Ethan and Lee, Robert and Landay, James A.},
 title = {Where do web sites come from?: capturing and interacting with design history},
 booktitle = {Proc. CHI 2002},
 year = {2002},
 pages = {1--8},
 publisher = {ACM Press},
} 

@inproceedings{Mather:2000:MUT,
  title = {Making up titles for conference papers},
  author = {Mather, B. D.},
  booktitle = {Ext. Abstracts CHI 2000},
  year = 2000,
  publisher = "ACM Press",
  pages = "1-2",
}

@book{Schwartz:1995:GBF,
  title = {{Guidelines for Bias-Free Writing}},
  author = {Schwartz, Marilyn},
  publisher = {Indiana University Press},
  location = {Bloomington, IN, USA},
  year = 1995,
}

@inproceedings{Zellweger:2001:FAO:504216.504224,
 author = {Zellweger, Polle T. and Bouvin, Niels Olof and Jeh{\o}j, Henning and Mackinlay, Jock D.},
 title = {Fluid annotations in an open world},
 booktitle = {Proc. Hypertext 2001},
 year = {2001},
 pages = {9--18},
 publisher = {ACM Press},
} 

